@STRING{isscc = {Int. Solid State Circuits Conf.}}

@STRING{tbd = {To Be Assigned}}

@TECHREPORT{techbib:hpcg-snl-dongarra,
	author = {Jack Dongarra and Michael Heroux},
	title = {Toward a New Metric for Ranking High Performance Computing Systems},
	institution = {Sandia National Labs},
	year = {2013},
	type = {Sandia Report},
	number = {SAND2013 4744},
	month = {June},
	owner = {kogge},
	timestamp = {2014.09.06},
	url = {http://www.sandia.gov/~maherou/docs/HPCG-Benchmark.pdf}
}

\misc{techbib:stream,
	author={John D. McCalpin},
	title={{STREAM}: Sustainable Memory Bandwidth in High Performance Computers},
	url={https://www.cs.virginia.edu/stream/},
	year={2017},
}

@INPROCEEDINGS{techbib:6933066,
	author={B. Bylina and J. Bylina and P. Stpiczynski and D. Szalkowski},
	booktitle={Computer Science and Information Systems (FedCSIS), 2014 Federated Conference on},
	title={Performance analysis of multicore and multinodal implementation of SpMV operation},
	year={2014},
	pages={569-576},
	keywords={mathematics computing;matrix multiplication;multiprocessing systems;vectors;Intel math kernel library;SpMV operation;high performance clusters;multicore implementation;multinodal implementation;sparse matrix-dense vector multiplication;Algorithm design and analysis;Arrays;Clustering algorithms;Libraries;Multicore processing;Sparse matrices;Vectors;SpMV operation;computer cluster;multicore platforms;parallel matrix-vector multiplication;sparse matrix-dense vector multiplication},
	doi={10.15439/2014F313},
	month={Sept},
}

@INCOLLECTION{techbib:marjanovic2014performance,
	author = {Marjanovi{\'c}, Vladimir and Gracia, Jos{\'e} and Glass, Colin W},
	title = {Performance modeling of the HPCG benchmark},
	booktitle = {High Performance Computing Systems. Performance Modeling, Benchmarking, and Simulation},
	publisher = {Springer International Publishing},
	year = {2014},
	pages = {172--192},
}

@INPROCEEDINGS{techbib:7967092,
	author={A. Azad and M. Jacquelin and A. Buluç and E. G. Ng},
	booktitle={2017 IEEE International Parallel and Distributed Processing Symposium (IPDPS)},
	title={The Reverse Cuthill-McKee Algorithm in Distributed-Memory},
	year={2017},
	pages={22-31},
	keywords={Cray computers;distributed memory systems;matrix decomposition;parallel algorithms;sparse matrices;Cray XC30 supercomputer;RCM algorithm;distributed-memory architectures;reverse Cuthill-McKee algorithm;two-dimensional sparse matrix decomposition;Algorithm design and analysis;Bandwidth;Heuristic algorithms;Matrices;Sparse matrices;Supercomputers;Symmetric matrices;Matrix ordering;RCM;the reverse Cuthill-McKee algorithm},
	doi={10.1109/IPDPS.2017.85},
	month={May},
}

@MISC{techbib:Geus99towardsa,
	author = {Roman Geus and Stefan Röllin},
	title = {Towards a Fast Parallel Sparse Matrix-Vector Multiplication},
	year = {1999},
}

@inproceedings{techbib:Marjanovic:2016:HBP:3019057.3019058,
	author = {Marjanovic, Vladimir and Gracia, Jos{\'e} and Glass, Colin W.},
	title = {HPC Benchmarking: Problem Size Matters},
	booktitle = {Proceedings of the 7th International Workshop on Performance Modeling, Benchmarking and Simulation of High Performance Computing Systems},
	series = {PMBS '16},
	year = {2016},
	isbn = {978-1-5090-5218-9},
	location = {Salt Lake City, Utah},
	pages = {1--10},
	numpages = {10},
	url = {https://doi.org/10.1109/PMBS.2016.6},
	doi = {10.1109/PMBS.2016.6},
	acmid = {3019058},
	publisher = {IEEE Press},
	address = {Piscataway, NJ, USA},
}

@article{bylina_bylina_stpiczyński_szałkowski_2014, 
	title={Performance Analysis of Multicore and Multinodal Implementation of SpMV Operation}, 
	volume={2},
	doi={10.15439/2014f313},
	journal={Proceedings of the 2014 Federated Conference on Computer Science and Information Systems},
	author={Bylina, Beata and Bylina, Jarosław and Stpiczyński, Przemysław and Szałkowski, Dominik},
	year={2014},
	month={Oct},
	pages={{569-}–{576}}
} 

@article{saad1990sparskit,
	title={SPARSKIT: A basic tool kit for sparse matrix computations}, 
	volume={2},
	doi={19910023551},
	journal={Proceedings of the 2014 Federated Conference on Computer Science and Information Systems},
	author={Saad, Youcef},
	year={1990},
	month={May},
}

@article{azad2016exploiting,
	title={Exploiting multiple levels of parallelism in sparse matrix-matrix multiplication},
	author={Azad, Ariful and Ballard, Grey and Bulu{\c{c}}, Aydin and Demmel, James and Grigori, Laura and Schwartz, Oded and Toledo, Sivan and Williams, Samuel},
	journal={SIAM Journal on Scientific Computing},
	volume={38},
	number={6},
	pages={C624--C651},
	year={2016},
	publisher={SIAM}
}

@article{Bulu2008OnTR,
	title={On the representation and multiplication of hypersparse matrices},
	author={Aydin Buluç and John R. Gilbert},
	journal={2008 IEEE International Symposium on Parallel and Distributed Processing},
	year={2008},
	pages={1-11}
}